% BibTeX database for the paper asme2e.tex
%% bibtexfile{ 
%% author    = b"Harry H. Cheng",
%% version   =  "2",
%% date      =  "January  01, 2003",
%% filename  =  "asme2e.bib",
%% address   =  "Integration Engineering Laboratory
%%              Department of Mechanical and Aeronautical Engineering
%%              University of California
%% 		    Davis, CA 95616",
%% telephone =  "(530) 752-5020 (office)
%%          		    (530) 752-1028 (lab)
%%                       (530) 752-4158 (Fax:)",
%% email   =  "<hhcheng at ucdavis.edu>" }

\begin {thebibliography} {20}

@article{Akram,
  	author={T. {Akram} and M. {Awais} and R. {Naqvi} and A. {Ahmed} and M. {Naeem}},
  	journal={IEEE Systems Journal}, 
  	title={Multicriteria UAV Base Stations Placement for Disaster Management}, 
  	year={2020},
  	volume={14},
  	number={3},
  	pages={3475-3482},
  	doi={10.1109/JSYST.2020.2970157}
}

@article{Arribas,
  	title={Coverage Optimization with a Dynamic Network of Drone Relays},
  	author={E. Arribas and V. Mancuso and V. Cholvi},
  	journal={IEEE Transactions on Mobile Computing},
  	year={2020},
  	volume={19},
  	pages={2278-2298}
}

@article{Balampanis,
	author = {Balampanis, Fotios and Maza, Ivan and Ollero, Anibal},
	year = {2017},
	month = {04},
	pages = {808},
	title = {Coastal Areas Division and Coverage with Multiple UAVs for Remote Sensing},
	volume = {17},
	journal = {Sensors},
	doi = {10.3390/s17040808}
}

@article{Baumgartner,
	author = {Baumgartner, A. and Hinz, S. and Wiedemann, C.},
	year = {2001},
	month = {11},
	pages = {},
	title = {Efficient methods and interfaces for road tracking},
	volume = {34},
	journal = {Int. Arch. Photogramm. Remote Sens.}
}

@article{Cheskes,
	author = {S. Cheskes, S. McLeod, M. Nolan, P. Snobelen, C. Vaillancourt, S. Brooks, K. Dainty, T. Chan, I. Drennan},
	title = {Improving Access to Automated External Defibrillators in Rural and Remote Settings: A Drone Delivery Feasibility Study},
	journal = {Journal of the American Heart Association},
	volume  =	{9},
	issue = {14},
	month   =  {July},
	year	= {2020},
	pages =  {}
}

@article{EscribianoMacias,
	title = {Optimal hub selection for rapid medical deliveries using unmanned aerial vehicles},
	journal = {Transportation Research Part C: Emerging Technologies},
	volume = {110},
	pages = {56 - 80},
	year = {2020},
	issn = {0968-090X},
	doi = {https://doi.org/10.1016/j.trc.2019.11.002},
	url = {http://www.sciencedirect.com/science/article/pii/S0968090X18310660},
	author = {Jose {Escribano Macias} and Panagiotis Angeloudis and Washington Ochieng}
}

@article{Erbeyoglu,
	title = {A robust disaster preparedness model for effective and fair disaster response},
	journal = {European Journal of Operational Research},
	volume = {280},
	number = {2},
	pages = {479 - 494},
	year = {2020},
	issn = {0377-2217},
	doi = {https://doi.org/10.1016/j.ejor.2019.07.029},
	url = {http://www.sciencedirect.com/science/article/pii/S0377221719305934},
	author = {Gökalp Erbeyoğlu and Ümit Bilge}
}

@inbook{Funabashi,
	author = {Funabashi, Yusuke and Shibata, Atsuya and Negoro, Shunsuke and Taniguchi, Ittetsu and Tomiyama, Hiroyuki},
	year = {2021},
	month = {01},
	pages = {1217-1226},
	title = {A Dynamic Programming Algorithm for Energy-Aware Routing of Delivery Drones},
	isbn = {978-981-15-3513-0},
	doi = {10.1007/978-981-15-3514-7_91}
}

@article{Laliberte,
	title = {Validation of functional connectivity modeling: The Achilles’ heel of landscape connectivity mapping},
	journal = {Landscape and Urban Planning},
	volume = {202},
	pages = {103878},
	year = {2020},
	issn = {0169-2046},
	doi = {https://doi.org/10.1016/j.landurbplan.2020.103878},
	url = {http://www.sciencedirect.com/science/article/pii/S016920461930684X},
	author = {Jérôme Laliberté and Martin-Hugues St-Laurent}
}

@article{Otero,
	author = {Alejandra Otero Arenzana and Jose Javier Escribano Macias and Panagiotis Angeloudis},
	title ={Design of Hospital Delivery Networks Using Unmanned Aerial Vehicles},
	journal = {Transportation Research Record},
	volume = {2674},
	number = {5},
	pages = {405-418},
	year = {2020},
	doi = {10.1177/0361198120915891},
	URL = {https://doi.org/10.1177/0361198120915891},
	eprint = { https://doi.org/10.1177/0361198120915891}    
}

@article{Otto,
	author =	{A. Otto, N. Agatz, J. Campbell, B. Golden, E. Pesch},
	title	 =	{Optimization Approaches for Civil Applications of Unmanned Aerial Vehicles (UAVs) or Aerial Drones: A Survey},
	journal = {Network},
	volume = {72},
	issue = {4},
	year = {2018},
	pages = {}
}
	
@inproceedings{Scott,
	title={Drone Delivery Models for Healthcare},
	author={J. Scott and C. H. Scott},
	booktitle={HICSS},
	year={2017}
}

@inproceedings{Seo,
 	author={Y. {Seo} and R. R. {Rajkumar}},
 	booktitle={17th International Conference on Information Fusion (FUSION)}, 
 	title={Detection and tracking of boundary of unmarked roads}, 
	year={2014},
  	volume={},
 	number={},
  	pages={1-6},
  	doi={}
}

@article{Shavarani,
	author = {Shavarani, Seyed Mahdi and Golabi, Mahmoud and Izbirak, Gokhan},
	title = {A capacitated biobjective location problem with uniformly distributed demands in the UAV-supported delivery operation},
	journal = {International Transactions in Operational Research},
	volume = {n/a},
	number = {n/a},
	pages = {},
	doi = {https://doi.org/10.1111/itor.12735}
}

@article{VargasFlores,
	title = {A decision support system for robust humanitarian facility location},
	journal = {Engineering Applications of Artificial Intelligence},
	volume = {46},
	pages = {326 - 335},
	year = {2015},
	note = {Innovative Artificial Intelligence Solutions for Crisis Management},
	issn = {0952-1976},
	doi = {https://doi.org/10.1016/j.engappai.2015.06.020},
	url = {http://www.sciencedirect.com/science/article/pii/S0952197615001426},
	author = {Jorge {Vargas Florez} and Matthieu Lauras and Uche Okongwu and Lionel Dupont}
}

\end {thebibliography}


